@article{fader07,
   author="Peter S. Fader and Bruce G. S. Hardie",
   title="How To Project Customer
Retention",
   journal="Journal of Interactive Marketing",
   volume="21",
   year="2007",
   pages="76-90"}
   
@article{fader09,
   author="Peter S. Fader and Bruce G. S. Hardie",
   title="Probability Models for Customer-Base Analysis",
   journal="Journal of Interactive Marketing",
   volume="23",
   year="2009",
   pages="61-69"}